@article{pau2010ebimage,
  title={EBImage -- {A}n {R} package for image processing with applications to cellular phenotypes},
  author={Pau, Gr{\'e}goire and Fuchs, Florian and Sklyar, Oleg and Boutros, Michael and Huber, Wolfgang},
  journal={Bioinformatics},
  volume={26},
  number={7},
  pages={979--981},
  year={2010},
  publisher={Oxford University Press}
}

@article{lowekamp2013design,
  title={The design of {SimpleITK}},
  author={Lowekamp, Bradley Christopher and Chen, David T and Ib{\'a}{\~n}ez, Luis and Blezek, Daniel},
  journal={Frontiers in Neuroinformatics},
  volume={7},
  pages={45},
  year={2013},
  publisher={Frontiers}
}

@article{yaniv2018simpleitk,
  title={{SimpleITK} image-analysis notebooks: {A} collaborative environment for education and reproducible research},
  author={Yaniv, Ziv and Lowekamp, Bradley C and Johnson, Hans J and Beare, Richard},
  journal={Journal of Digital Imaging},
  volume={31},
  number={3},
  pages={290--303},
  year={2018},
  publisher={Springer}
}

@article{bennet2010neural,
  title={Neural correlates of interspecies perspective taking in the post-mortem {A}tlantic salmon: {A}n argument for proper multiple comparisons correction},
  author={Bennet, C and Baird, A and Miller, M and Wolford, G},
  journal={Journal of Serendipitous and Unexpected Results},
  volume={1},
  number={1},
  pages={1--5},
  year={2010}
}

@article{setiadi2010quantitative,
    author = {Setiadi, A. Francesca AND Ray, Nelson C. AND Kohrt, Holbrook E. AND Kapelner, Adam AND Carcamo-Cavazos, Valeria AND Levic, Edina B. AND Yadegarynia, Sina AND van der Loos, Chris M. AND Schwartz, Erich J. AND Holmes, Susan AND Lee, Peter P.},
    journal = {PLOS ONE},
    publisher = {Public Library of Science},
    title = {Quantitative, Architectural Analysis of Immune Cell Subsets in Tumor-Draining Lymph Nodes from Breast Cancer Patients and Healthy Lymph Nodes},
    year = {2010},
    month = {08},
    volume = {5},
    url = {https://doi.org/10.1371/journal.pone.0012420},
    pages = {1-8},
    number = {8},
    doi = {10.1371/journal.pone.0012420}
}

@article{seiler2014time,
  title={Time-lapse microscopy and classification of 2D human mesenchymal stem cells based on cell shape picks up myogenic from osteogenic and adipogenic differentiation},
  author={Seiler, Christof and Gazdhar, Amiq and Reyes, Mauricio and Benneker, Lorin M and Geiser, Thomas and Siebenrock, Klaus A and Gantenbein-Ritter, Benjamin},
  journal={Journal of tissue engineering and regenerative medicine},
  volume={8},
  number={9},
  pages={737--746},
  year={2014},
  publisher={Wiley Online Library}
}

@article{seiler2018multi,
  title={Multi-Table Differential Correlation Analysis of Neuroanatomical and Cognitive Interactions in Turner Syndrome},
  author={Seiler, Christof and Green, Tamar and Hong, David and Chromik, Lindsay and Huffman, Lynne and Holmes, Susan and Reiss, Allan L},
  journal={Neuroinformatics},
  volume={16},
  number={1},
  pages={81--93},
  year={2018},
  publisher={Springer}
}
